@inproceedings{afrn,
 author = {Bong{-}Nam Kang and
Yonghyun Kim and
Bongjin Jun and
Daijin Kim},
 booktitle = {Proc. of ICCV},
 pages = {5471--5480},
 title = {Attentional Feature-Pair Relation Networks for Accurate Face Recognition},
 year = {2019}
}



@article{am-softmax,
 author = {Xiaobo Wang an},
 journal = {ArXiv preprint},
 title = {Support Vector Guided Softmax Loss for Face Recognition},
 volume = {abs/1812.11317},
 year = {2018}
}

@inproceedings{bn,
 author = {Sergey Ioffe and
Christian Szegedy},
 booktitle = {Proc. of ICML},
 pages = {448--456},
 title = {Batch Normalization: Accelerating Deep Network Training by Reducing
Internal Covariate Shift},
 volume = {37},
 year = {2015}
}

@inproceedings{byol,
 author = {Jean{-}Bastien Grill and
Florian Strub and
Florent Altch{\'{e}} and
Corentin Tallec and
Pierre H. Richemond and
Elena Buchatskaya and
Carl Doersch and
Bernardo {\'{A}}vila Pires and
Zhaohan Guo and
Mohammad Gheshlaghi Azar and
Bilal Piot and
Koray Kavukcuoglu and
R{\'{e}}mi Munos and
Michal Valko},
 booktitle = {Proc. of NeurIPS},
 title = {Bootstrap Your Own Latent - {A} New Approach to Self-Supervised Learning},
 year = {2020}
}




@inproceedings{center_loss,
 author = {Wen, Yandong and Zhang, Kaipeng and Li, Zhifeng and Qiao, Yu},
 booktitle = {Proc. of ECCV},
 title = {A Discriminative Feature Learning Approach for Deep Face Recognition},
 year = {2016}
}

@inproceedings{chen_simple_2020,
 author = {Ting Chen and
Simon Kornblith and
Mohammad Norouzi and
Geoffrey E. Hinton},
 booktitle = {Proc. of ICML},
 pages = {1597--1607},
 title = {A Simple Framework for Contrastive Learning of Visual Representations},
 volume = {119},
 year = {2020}
}

@inproceedings{circle_loss,
 author = {Yifan Sun and
Changmao Cheng and
Yuhan Zhang and
Chi Zhang and
Liang Zheng and
Zhongdao Wang and
Yichen Wei},
 booktitle = {Proc. of CVPR},
 pages = {6397--6406},
 title = {Circle Loss: {A} Unified Perspective of Pair Similarity Optimization},
 year = {2020}
}



@inproceedings{contrastive_loss,
 author = {Raia Hadsell and Sumit Chopra and Yann LeCun},
 booktitle = {Proc. of CVPR},
 title = {Dimensionality Reduction by Learning an Invariant Mapping},
 year = {2006}
}


@inproceedings{simgcl,
 author = {Junliang Yu and
Hongzhi Yin and
Xin Xia and
Tong Chen and
Lizhen Cui and
Quoc Viet Hung Nguyen},
 booktitle = {Proc. of SIGIR},
 pages = {1294--1303},
 title = {Are Graph Augmentations Necessary?: Simple Graph Contrastive Learning
for Recommendation},
 year = {2022}
}


@inproceedings{deepid,
  author       = {Yi Sun and
                  Xiaogang Wang and
                  Xiaoou Tang},
  title        = {Deep Learning Face Representation from Predicting 10, 000 Classes},
  booktitle    = {{Proc. of CVPR}},
  pages        = {1891--1898},
  year         = {2014},
}

@inproceedings{deepid2,
 author = {Yi Sun and
Yuheng Chen and
Xiaogang Wang and
Xiaoou Tang},
 booktitle = {Proc. of NeurIPS},
 pages = {1988--1996},
 title = {Deep Learning Face Representation by Joint Identification-Verification},
 year = {2014}
}

@inproceedings{deepid2+,
 author = {Yi Sun and
Xiaogang Wang and
Xiaoou Tang},
 booktitle = {Proc. of CVPR},
 pages = {2892--2900},
 title = {Deeply learned face representations are sparse, selective, and robust},
 year = {2015}
}

@inproceedings{arcface,
 author = {Jiankang Deng and
Jia Guo and
Niannan Xue and
Stefanos Zafeiriou},
 booktitle = {Proc. of CVPR},
 pages = {4690--4699},
 title = {ArcFace: Additive Angular Margin Loss for Deep Face Recognition},
 year = {2019}
}

@inproceedings{dino,
 author = {Mathilde Caron and
Hugo Touvron and
Ishan Misra and
Herv{\'{e}} J{\'{e}}gou and
Julien Mairal and
Piotr Bojanowski and
Armand Joulin},
 booktitle = {Proc. of ICCV},
 title = {Emerging Properties in Self-Supervised Vision Transformers},
 year = {2021}
}

@inproceedings{fair_loss,
 author = {Bingyu Liu and
Weihong Deng and
Yaoyao Zhong and
Mei Wang and
Jiani Hu and
Xunqiang Tao and
Yaohai Huang},
 booktitle = {Proc. of ICCV},
 pages = {10051--10060},
 title = {Fair Loss: Margin-Aware Reinforcement Learning for Deep Face Recognition},
 year = {2019}
}

@inproceedings{focusface,
 author = {Pedro C. Neto and
Fadi Boutros and
Jo{\~{a}}o Ribeiro Pinto and
Naser Darner and
Ana F. Sequeira and
Jaime S. Cardoso},
 booktitle = {FG},
 title = {FocusFace: Multi-task Contrastive Learning for Masked Face Recognition},
 year = {2021}
}

@inproceedings{gao_simcse_2021,
 author = {Gao, Tianyu and 
Yao, Xingcheng 
and Chen, Danqi},
 booktitle = {EMNLP},
 title = {{SimCSE}: Simple Contrastive Learning of Sentence Embeddings},
 year = {2021}
}

@inproceedings{huang_curricularface_2020,
 author = {Yuge Huang and
Yuhan Wang and
Ying Tai and
Xiaoming Liu and
Pengcheng Shen and
Shaoxin Li and
Jilin Li and
Feiyue Huang},
 booktitle = {Proc. of CVPR},
 pages = {5900--5909},
 title = {CurricularFace: Adaptive Curriculum Learning Loss for Deep Face Recognition},
 year = {2020}
}


@inproceedings{insta_disc,
 author = {Zhirong Wu and
Yuanjun Xiong and
Stella X. Yu and
Dahua Lin},
 booktitle = {Proc. of CVPR},
 pages = {3733--3742},
 title = {Unsupervised Feature Learning via Non-Parametric Instance Discrimination},
 year = {2018}
}

@inproceedings{invaspread,
 author = {Mang Ye and
Xu Zhang and
Pong C. Yuen and
Shih{-}Fu Chang},
 booktitle = {Proc. of CVPR},
 pages = {6210--6219},
 title = {Unsupervised Embedding Learning via Invariant and Spreading Instance
Feature},
 year = {2019}
}

@inproceedings{adaface,
 author = {Kim, Minchul and Jain, Anil K. and Liu, Xiaoming},
 booktitle = {Proc. of CVPR},
 title = {{AdaFace}: Quality Adaptive Margin for Face Recognition},
 year = {2022}
}

@inproceedings{broadface,
 author = {Kim, Yonghyun and Park, Wonpyo and Shin, Jongju},
 booktitle = {Proc. of ECCV},
 title = {{BroadFace}: Looking at Tens of Thousands of People at once for Face Recognition},
 year = {2020}
}

@inproceedings{l-softmax,
 author = {Weiyang Liu and
Yandong Wen and
Zhiding Yu and
Meng Yang},
 booktitle = {Proc. of ICML},
 pages = {507--516},
 title = {Large-Margin Softmax Loss for Convolutional Neural Networks},
 volume = {48},
 year = {2016}
}

@article{l2,
 author = {Rajeev Ranjan an},
 journal = {ArXiv preprint},
 title = {L2-constrained Softmax Loss for Discriminative Face Verification},
 volume = {abs/1703.09507},
 year = {2017}
}

@inproceedings{sphereface,
 author = {Weiyang Liu and
Yandong Wen and
Zhiding Yu and
Ming Li and
Bhiksha Raj and
Le Song},
 booktitle = {Proc. of CVPR},
 pages = {6738--6746},
 title = {SphereFace: Deep Hypersphere Embedding for Face Recognition},
 year = {2017}
}

@inproceedings{megaface,
 author = {Ira Kemelmacher{-}Shlizerman and
Steven M. Seitz and
Daniel Miller and
Evan Brossard},
 booktitle = {Proc. of CVPR},
 pages = {4873--4882},
 title = {The MegaFace Benchmark: 1 Million Faces for Recognition at Scale},
 year = {2016}
}

@inproceedings{magface,
 author = {Meng, Qiang and Zhao, Shichao and Huang, Zhida and Zhou, Feng},
 booktitle = {Proc. of CVPR},
 title = {{MagFace}: A Universal Representation for Face Recognition and Quality Assessment},
 year = {2021}
}

@inproceedings{moco,
 author = {Kaiming He and
Haoqi Fan and
Yuxin Wu and
Saining Xie and
Ross B. Girshick},
 booktitle = {Proc. of CVPR},
 pages = {9726--9735},
 title = {Momentum Contrast for Unsupervised Visual Representation Learning},
 year = {2020}
}

@article{mocov2,
 author = {Chen, Xinlei and Fan, Haoqi and Girshick, Ross B. and He, Kaiming},
 journal = {ArXiv preprint},
 title = {Improved Baselines with Momentum Contrastive Learning},
 volume = {abs/2003.04297},
 year = {2020}
}

@inproceedings{mocov3,
 author = {Xinlei Chen and Saining Xie and Kaiming He},
 booktitle = {Proc. of ICCV},
 title = {An Empirical Study of Training Self-Supervised Vision Transformers},
 year = {2021}
}

@article{nce,
 author = {Michael Gutmann and
Aapo Hyv{\"{a}}rinen},
 journal = {J. Mach. Learn. Res.},
 title = {Noise-Contrastive Estimation of Unnormalized Statistical Models, with
Applications to Natural Image Statistics},
 year = {2012}
}

@inproceedings{normface,
 author = {Feng Wang and
Xiang Xiang and
Jian Cheng and
Alan Loddon Yuille},
 booktitle = {Proceedings of the 2017 ACM on Multimedia Conference},
 pages = {1041--1049},
 title = {NormFace: L\({}_{\mbox{2}}\) Hypersphere Embedding for Face Verification},
 year = {2017}
}

@inproceedings{range_loss,
 author = {Xiao Zhang and
Zhiyuan Fang and
Yandong Wen and
Zhifeng Li and
Yu Qiao},
 booktitle = {Proc. of ICCV},
 pages = {5419--5428},
 title = {Range Loss for Deep Face Recognition with Long-Tailed Training Data},
 year = {2017}
}

@inproceedings{regularface,
 author = {Kai Zhao and
Jingyi Xu and
Ming{-}Ming Cheng},
 booktitle = {Proc. of CVPR},
 pages = {1136--1144},
 title = {RegularFace: Deep Face Recognition via Exclusive Regularization},
 year = {2019}
}



@inproceedings{ring_loss,
 author = {Yutong Zheng and
Dipan K. Pal and
Marios Savvides},
 booktitle = {Proc. of CVPR},
 pages = {5089--5097},
 title = {Ring Loss: Convex Feature Normalization for Face Recognition},
 year = {2018}
}

@inproceedings{rotation,
 author = {Spyros Gidaris and
Praveer Singh and
Nikos Komodakis},
 booktitle = {Proc. of ICLR},
 title = {Unsupervised Representation Learning by Predicting Image Rotations},
 year = {2018}
}

@inproceedings{scf,
 author = {Shen Li and
Jianqing Xu and
Xiaqing Xu and
Pengcheng Shen and
Shaoxin Li and
Bryan Hooi},
 booktitle = {Proc. of CVPR},
 title = {Spherical Confidence Learning for Face Recognition},
 year = {2021}
}

@inproceedings{facenet,
 author = {Florian Schroff and
Dmitry Kalenichenko and
James Philbin},
 booktitle = {Proc. of CVPR},
 pages = {815--823},
 title = {FaceNet: {A} unified embedding for face recognition and clustering},
 year = {2015}
}

@inproceedings{simclrv2,
 author = {Ting Chen and
Simon Kornblith and
Kevin Swersky and
Mohammad Norouzi and
Geoffrey E. Hinton},
 booktitle = {Proc. of NeurIPS},
 title = {Big Self-Supervised Models are Strong Semi-Supervised Learners},
 year = {2020}
}

@inproceedings{simsiamese,
 author = {Xinlei Chen and
Kaiming He},
 booktitle = {Proc. of CVPR},
 title = {Exploring Simple Siamese Representation Learning},
 year = {2021}
}

@article{softmax+,
 author = {Shota Horiguchi and
Daiki Ikami and
Kiyoharu Aizawa},
 journal = {{IEEE} Trans. Pattern Anal. Mach. Intell.},
 title = {Significance of Softmax-Based Features in Comparison to Distance Metric
Learning-Based Features},
 year = {2020}
}

@inproceedings{supcon,
 author = {Prannay Khosla and
Piotr Teterwak and
Chen Wang and
Aaron Sarna and
Yonglong Tian and
Phillip Isola and
Aaron Maschinot and
Ce Liu and
Dilip Krishnan},
 booktitle = {Proc. of NeurIPS},
 title = {Supervised Contrastive Learning},
 year = {2020}
}

@inproceedings{transe,
 author = {Antoine Bordes and
Nicolas Usunier and
Alberto Garc{\'{\i}}a{-}Dur{\'{a}}n and
Jason Weston and
Oksana Yakhnenko},
 booktitle = {Proc. of NeurIPS},
 pages = {2787--2795},
 title = {Translating Embeddings for Modeling Multi-relational Data},
 year = {2013}
}

@inproceedings{understanding,
 author = {Tongzhou Wang and
Phillip Isola},
 booktitle = {Proc. of ICML},
 pages = {9929--9939},
 title = {Understanding Contrastive Representation Learning through Alignment
and Uniformity on the Hypersphere},
 volume = {119},
 year = {2020}
}

@inproceedings{uniformface,
 author = {Yueqi Duan and
Jiwen Lu and
Jie Zhou},
 booktitle = {Proc. of CVPR},
 pages = {3415--3424},
 title = {UniformFace: Learning Deep Equidistributed Representation for Face
Recognition},
 year = {2019}
}

@inproceedings{urf,
 author = {Yichun Shi and
Xiang Yu and
Kihyuk Sohn and
Manmohan Chandraker and
Anil K. Jain},
 booktitle = {Proc. of CVPR},
 pages = {6816--6825},
 title = {Towards Universal Representation Learning for Deep Face Recognition},
 year = {2020}
}

@inproceedings{vpl,
 author = {Jiankang Deng and
Jia Guo and
Jing Yang and
Alexandros Lattas and
Stefanos Zafeiriou},
 booktitle = {Proc. of CVPR},
 title = {Variational Prototype Learning for Deep Face Recognition},
 year = {2021}
}

@inproceedings{cosface,
 author = {Hao Wang and
Yitong Wang and
Zheng Zhou and
Xing Ji and
Dihong Gong and
Jingchao Zhou and
Zhifeng Li and
Wei Liu},
 booktitle = {Proc. of CVPR},
 pages = {5265--5274},
 title = {CosFace: Large Margin Cosine Loss for Deep Face Recognition},
 year = {2018}
}

@inproceedings{wang_mis-classified_2020,
 author = {Wang, Xiaobo and Zhang, Shifeng and Wang, Shuo and Fu, Tianyu and Shi, Hailin and Mei, Tao},
 booktitle = {Proc. of AAAI},
 title = {Mis-Classified Vector Guided Softmax Loss for Face Recognition},
 year = {2020}
}



@inproceedings{word2vec,
 author = {Tom{\'{a}}s Mikolov and
Ilya Sutskever and
Kai Chen and
Gregory S. Corrado and
Jeffrey Dean},
 booktitle = {Proc. of NeurIPS},
 pages = {3111--3119},
 title = {Distributed Representations of Words and Phrases and their Compositionality},
 year = {2013}
}

@article{yang_orthogonality_2021,
 author = {Yang, Shan-Ming and Deng, Weihong and Wang, Mei and Du, Junping and Hu, Jiani},
 journal = {IEEE Transactions on Circuits and Systems for Video Technology},
 title = {Orthogonality Loss: Learning Discriminative Representations for Face Recognition},
 year = {2021},
}


@InProceedings{con2r,
author="Rei{\ss}, Simon
and Seibold, Constantin
and Freytag, Alexander
and Rodner, Erik
and Stiefelhagen, Rainer",
title="Graph-Constrained Contrastive Regularization for Semi-weakly Volumetric Segmentation",
booktitle="Proc. of ECCV",
year="2022",
pages="401--419"
}


@inproceedings{qmagface,
  author       = {Philipp Terh{\"{o}}rst and
                  Malte Ihlefeld and
                  Marco Huber and
                  Naser Damer and
                  Florian Kirchbuchner and
                  Kiran B. Raja and
                  Arjan Kuijper},
  title        = {QMagFace: Simple and Accurate Quality-Aware Face Recognition},
  booktitle    = {WACV},
  pages        = {3473--3483},
  year         = {2023},
}
@ARTICLE{sphereface-r,
  author={Liu, Weiyang and Wen, Yandong and Raj, Bhiksha and Singh, Rita and Weller, Adrian},
  journal={IEEE Transactions on Pattern Analysis and Machine Intelligence}, 
  title={SphereFace Revived: Unifying Hyperspherical Face Recognition}, 
  year={2023},
  volume       = {45},
  number       = {2},
  pages        = {2458--2474},
}

  @article{ddc,
  author       = {Bedirhan Uzun and
                  Hakan Cevikalp and
                  Hasan Saribas},
  title        = {Deep Discriminative Feature Models (DDFMs) for Set Based Face Recognition
                  and Distance Metric Learning},
  journal={IEEE Transactions on Pattern Analysis and Machine Intelligence}, 
  volume       = {45},
  number       = {5},
  pages        = {5594--5608},
  year         = {2023},
}

@ARTICLE{facet-b,
  author={Zhu, Yuhao and Ren, Min and Jing, Hui and Dai, Linlin and Sun, Zhenan and Li, Ping},
  journal={IEEE Transactions on Information Forensics and Security}, 
  title={Joint Holistic and Masked Face Recognition}, 
  year={2023},
  volume={18},
  number={},
  pages={3388-3400},
}


@article{pr-head,
  author       = {Jifan Yang and
                  Zhongyuan Wang and
                  Baojin Huang and
                  Jinsheng Xiao and
                  Chao Liang and
                  Zhen Han and
                  Hua Zou},
  title        = {HeadPose-Softmax: Head pose adaptive curriculum learning loss for
                  deep face recognition},
  journal      = {Pattern Recognition},
  volume       = {140},
  pages        = {109552},
  year         = {2023},
}


@article{pr-lq,
title = {Coupled discriminative manifold alignment for low-resolution face recognition},
journal = {Pattern Recognition},
volume = {147},
pages = {110049},
year = {2024},
author = {Kaibing Zhang and Dongdong Zheng and Jie Li and Xinbo Gao and Jian Lu},
}

@article{tsne,
  author = {van der Maaten, Laurens and Hinton, Geoffrey},
  journal = {Journal of Machine Learning Research},
  keywords = {dimensionality_reduction tSNE visualization},
  pages = {2579--2605},
  title = {Visualizing Data using {t-SNE} },
  volume = 9,
  year = 2008
}

@inproceedings{deepface,
  author    = {Y. Taigman and M. Yang and M. Ranzato and et al.},
  title     = {DeepFace: Closing the Gap to Human-Level Performance in Face Verification},
  booktitle = {Proc. of CVPR},
  year      = {2014},
  pages     = {1701-1708},
}

@inproceedings{triplet,
  author    = {H. O. Song and Y. Xiang and S. Jegelka and et al.},
  title     = {Deep Metric Learning via Lifted Structured Feature Embedding},
  booktitle = {Proc. of CVPR},
  year      = {2016},
  pages     = {4004-4012},
}

@inproceedings{devil,
  title={The Devil of Face Recognition Is in the Noise},
  author={Wang, F. and Chen, L. and Li, C. and et al.},
  booktitle={Proc. of ECCV},
  volume={11213},
  year={2018},
  pages={780--795},
}

@inproceedings{ole,
  title={OLÉ: Orthogonal Low-Rank Embedding - A Plug and Play Geometric Loss for Deep Learning},
  author={Lezama, J. and Qiu, Q. and Mus{\'e}, P. and et al.},
  booktitle={Proc. of CVPR},
  year={2018},
  pages={8109--8118},
}

@inproceedings{p2sgrad,
  title={P2SGrad: Refined Gradients for Optimizing Deep Face Models},
  author={Zhang, X. and Zhao, R. and Yan, J. and et al.},
  booktitle={Proc. of CVPR},
  address={Long Beach, CA, USA},
  year={2019},
  pages={9906--9914},
}

@inproceedings{adacos,
  title={AdaCos: Adaptively Scaling Cosine Logits for Effectively Learning Deep Face Representations},
  author={Hang, X. and Zhao, R. and Qiao, Y. and et al.},
  booktitle={Proc. of CVPR},
  address={Long Beach, CA, USA},
  year={2019},
  pages={10823--10832},
}

@article{id-aware,
 author = {Jin Chen and Jun Chen and Zongge Wang and Chao Liang and Chia-Wen Lin},
 journal = {IEEE Signal Processing Letters},
 pages = {645-649},
 title = {Identity-Aware Face Super-Resolution for Low-Resolution Face Recognition},
 volume = {27},
 year = {2020}
}

@article{id-preserve,
 author = {Shun-Cheung Lai and Chenhang He and Kin-Man Lam},
 journal = {IEEE International Conference on Image Processing (ICIP)},
 pages = {1173-1177},
 title = {Low-Resolution Face Recognition Based on Identity-Preserved Face Hallucination},
 year = {2019}
}


@inproceedings{super-id,
 author = {Kaipeng Zhang and Zhanpeng Zhang and Chia-Wen Cheng and Winston H. Hsu and Yu Qiao and W. Liu and T. Zhang},
 booktitle = {Proc. of ECCV},
 title = {Super-Identity Convolutional Neural Network for Face Hallucination},
 year = {2018}
}

@article{improve-super,
 author = {Ling Xu and Zoran Gajic},
 journal = {International Journal of Automation and Computing},
 pages = {915 - 925},
 title = {Improved Network for Face Recognition Based on Feature Super Resolution Method},
 volume = {18},
 year = {2021}
}



@article{npt,
 author = {Syed Safwan Khalid and Muhammad Awais and Zhenhua Feng and Chi-Ho Chan and Ammarah Farooq and Ali Akbari and Josef Kittler},
 journal = {IEEE Transactions on Pattern Analysis and Machine Intelligence},
 title = {NPT-Loss: Demystifying face recognition losses with Nearest Proxies Triplet},
 year = {2022}
}

@inproceedings{ddl,
 author = {Y. Huang and Pengcheng Shen and Ying Tai and Shaoxin Li and Xiaoming Liu and Jilin Li and Feiyue Huang and Rongrong Ji},
 booktitle = {Proc. of ECCV},
 title = {Improving Face Recognition from Hard Samples via Distribution Distillation Loss},
 year = {2020}
}

@article{distill,
 author = {Syed Safwan Khalid and Muhammad Awais and Zhenhua Feng and Chi-Ho Chan and Ammarah Farooq and Ali Akbari and Josef Kittler},
 journal = {IEEE Transactions on Biometrics, Behavior, and Identity Science},
 pages = {410-420},
 title = {Resolution Invariant Face Recognition Using a Distillation Approach},
 volume = {2},
 year = {2020}
}

@article{sc,
 author = {Shun-Cheung Lai and Kin-Man Lam},
 journal = {Asia-Pacific Signal and Information Processing Association Annual Summit and Conference (APSIPA ASC)},
 pages = {1444-1449},
 title = {Deep Siamese network for low-resolution face recognition},
 year = {2021}
}

@article{srgan,
 author = {M. M. I. Ullah and Amir Hamza and Imtiaz Ahmad Taj and Muhammad Tahir},
 journal = {International Conference on Emerging Technologies (ICET)},
 pages = {1-6},
 title = {Low Resolution Face Recognition using Enhanced SRGAN Generated Images},
 year = {2021}
}

@article{srdcr,
 author = {Li Ren and Wenhao Deng and Lei Wang and Chenfei Mao and Yadong Jiang and Haitao Jia and Jing Li},
 journal = {Proc. of ICCV},
 title = {Low-Resolution Face Recognition Method Combining Super-Resolution and Improved DCR Model},
 year = {2020}
}

@article{explor_factor,
 author = {Omid Abdollahi Aghdam and Behzad Bozorgtabar and Hazim Kemal Ekenel and Jean-Philippe Thiran},
 journal = {CVPR Workshop},
 pages = {2363-2370},
 title = {Exploring Factors for Improving Low Resolution Face Recognition},
 year = {2019}
}



@article{srda,
 author = {Jin Chyuan Tan and Kian Ming Lim and Chin Poo Lee},
 journal = {International Conference on Information and Communication Technology (ICoICT)},
 pages = {302-306},
 title = {Enhanced AlexNet with Super-Resolution for Low-Resolution Face Recognition},
 year = {2021}
}

@inproceedings{qualnet,
 author = {Insoo Kim and
Seungju Han and
Ji{-}Won Baek and
Seong{-}Jin Park and
Jae{-}Joon Han and
Jinwoo Shin},
 booktitle = {{Proc. of CVPR}},
 pages = {12257--12266},
 title = {Quality-Agnostic Image Recognition via Invertible Decoder},
 year = {2021}
}


@article{mindres,
 author = {Cheng-Yaw Low and A. Teoh and Jaewoo Park},
 journal = {IEEE Signal Processing Letters},
 pages = {354-358},
 title = {MIND-Net: A Deep Mutual Information Distillation Network for Realistic Low-Resolution Face Recognition},
 volume = {28},
 year = {2021}
}

@article{tcn,
 author = {Juan Zha and Hongyang Chao},
 journal = {IEEE International Conference on Acoustics, Speech and Signal Processing (ICASSP)},
 pages = {3302-3306},
 title = {TCN: Transferable Coupled Network for Cross-Resolution Face Recognition*},
 year = {2019}
}


@inproceedings{h2l,
author = {Bulat, Adrian and Yang, Jing and Tzimiropoulos, Georgios},
booktitle = {Proc. of ECCV},
title = {To Learn Image Super-Resolution, Use a GAN to Learn How to Do Image Degradation First},
year = {2018}
}

@article{tc,
 author = {Fabio Valerio Massoli and Giuseppe Amato and Fabrizio Falchi},
 journal = {Image and Vision Computing},
 title = {Cross-resolution Learning for Face Recognition},
 volume = {99},
 year = {2020},
 pages = {103927},
}


@inproceedings{url,
 author = {Yichun Shi and
Xiang Yu and
Kihyuk Sohn and
Manmohan Chandraker and
Anil K. Jain},
 booktitle = {Proc. of CVPR},
 pages = {6816--6825},
 title = {Towards Universal Representation Learning for Deep Face Recognition},
 year = {2020}
}




@inproceedings{cfsm,
  author       = {Feng Liu and
                  Minchul Kim and
                  Anil K. Jain and
                  Xiaoming Liu},
  title        = {Controllable and Guided Face Synthesis for Unconstrained Face Recognition},
 booktitle = {Proc. of ECCV},
  volume       = {13672},
  pages        = {701--719},
  year         = {2022},
}

@inproceedings{penb,
  author       = {Xu Ling and
                  Yichen Lu and
                  Wenqi Xu and
                  Weihong Deng and
                  Yingjie Zhang and
                  Xingchen Cui and
                  Hongzhi Shi and
                  Dongchao Wen},
  title        = {Dive into the Resolution Augmentations and Metrics in Low Resolution
                  Face Recognition: {A} Plain yet Effective New Baseline},
  year         = {2023},
 booktitle = {{AAAI} Workshop},
}

@article{ideanet,
  author       = {Cheng{-}Yaw Low and
                  Andrew Beng Jin Teoh},
  title        = {An Implicit Identity-Extended Data Augmentation for Low-Resolution
                  Face Representation Learning},
  journal      = {{IEEE} Trans. Inf. Forensics Secur.},
  volume       = {17},
  pages        = {3062--3076},
  year         = {2022},
  timestamp    = {Thu, 22 Sep 2022 19:58:18 +0200},
}


@inproceedings{swav,
  author       = {Mathilde Caron and
                  Ishan Misra and
                  Julien Mairal and
                  Priya Goyal and
                  Piotr Bojanowski and
                  Armand Joulin},
  title        = {Unsupervised Learning of Visual Features by Contrasting Cluster Assignments},
  booktitle    = {NeurIPS},
  year         = {2020}
}


 
@inproceedings{gcl,
  author       = {Yuning You and
                  Tianlong Chen and
                  Yongduo Sui and
                  Ting Chen and
                  Zhangyang Wang and
                  Yang Shen},
  title        = {Graph Contrastive Learning with Augmentations},
  booktitle    = {NeurIPS},
  year         = {2020}
}

@ARTICLE{ssn,
  author={Luan, Xiao and Ding, Zibiao and Liu, Linghui and Li, Weisheng and Gao, Xinbo},
  journal={IEEE Transactions on Image Processing}, 
  title={A Symmetrical Siamese Network Framework With Contrastive Learning for Pose-Robust Face Recognition}, 
  year={2023},
  volume={32},
  number={},
  pages={5652-5663},
}
