@article{coreface,
  author    = {{\textbf{Youzhe Song}} and Feng Wang},
  title     = {CoReFace: Sample-guided Contrastive Regularization for Deep Face Recognition},
  journal   = {Pattern Recognition},
  year      = {2024},
  volume    = {152},
  pages     = {110483},
  doi       = {10.1016/j.patcog.2024.110483},
  url       = {https://doi.org/10.1016/j.patcog.2024.110483}
}

@inproceedings{qgface,
  author    = {{\textbf{Youzhe Song}} and Feng Wang},
  title     = {Quality-Guided Joint Training For Mixed-Quality Face Recognition},
  booktitle = {2024 IEEE International Conference on Automatic Face and Gesture Recognition (FG)},
  year      = {2024},
  publisher = {IEEE},
  url       = {https://arxiv.org/abs/2312.17494}
}

@misc{wwec,
  title        = {Worldwide Educators Conference (WWEC)},
  howpublished = {\url{https://www.wwec820.com/}},
} 

@Article{moco,
 author = {Kaiming He and Haoqi Fan and Yuxin Wu and Saining Xie and Ross B. Girshick},
 booktitle = {Computer Vision and Pattern Recognition},
 journal = {2020 IEEE/CVF Conference on Computer Vision and Pattern Recognition (CVPR)},
 pages = {9726-9735},
 title = {Momentum Contrast for Unsupervised Visual Representation Learning},
 year = {2019}
}
